<record><leader>00000cas a2200000 a 4500</leader><controlfield tag="001">19115836</controlfield><controlfield tag="008">890208d186618uutnuwr ne      0    0eng d</controlfield><datafield ind1=" " ind2=" " tag="010"><subfield code="a">sn 89058187 </subfield></datafield><datafield ind1=" " ind2=" " tag="040"><subfield code="a">KNP</subfield><subfield code="b">eng</subfield><subfield code="c">KNP</subfield><subfield code="d">TGN</subfield><subfield code="d">OCL</subfield><subfield code="d">OCLCQ</subfield><subfield code="d">OCLCF</subfield><subfield code="d">OCLCO</subfield></datafield><datafield ind1=" " ind2=" " tag="042"><subfield code="a">msc</subfield></datafield><datafield ind1=" " ind2=" " tag="043"><subfield code="a">n-us-tn</subfield></datafield><datafield ind1="0" ind2="4" tag="245"><subfield code="a">The M'Minnville enterprise.</subfield></datafield><datafield ind1="1" ind2=" " tag="246"><subfield code="i">Issues for Nov. &lt;23&gt;, 1867-&lt;June 11, 1870&gt; have title:</subfield><subfield code="a">McMinnville enterprise</subfield></datafield><datafield ind1=" " ind2=" " tag="260"><subfield code="a">M'Minnville, Tenn. :</subfield><subfield code="b">Wm. Baker &amp; Son</subfield></datafield><datafield ind1=" " ind2=" " tag="300"><subfield code="a">v.</subfield></datafield><datafield ind1=" " ind2=" " tag="310"><subfield code="a">Weekly</subfield></datafield><datafield ind1="1" ind2=" " tag="362"><subfield code="a">Began in 1866.</subfield></datafield><datafield ind1=" " ind2=" " tag="500"><subfield code="a">Publishers: Wm. Baker &amp; Son, 1866-&lt;1868&gt;</subfield></datafield><datafield ind1=" " ind2=" " tag="588"><subfield code="a">Description based on: Vol. [1], no. 6 (May 19, 1866).</subfield></datafield><datafield ind1=" " ind2="0" tag="651"><subfield code="a">McMinnville (Tenn.)</subfield><subfield code="v">Newspapers.</subfield></datafield><datafield ind1=" " ind2="0" tag="651"><subfield code="a">Warren County (Tenn.)</subfield><subfield code="v">Newspapers.</subfield></datafield><datafield ind1=" " ind2="7" tag="655"><subfield code="a">Newspapers.</subfield><subfield code="2">fast</subfield><subfield code="0">(OCoLC)fst01423814</subfield></datafield><datafield ind1=" " ind2="7" tag="651"><subfield code="a">Tennessee</subfield><subfield code="z">McMinnville.</subfield><subfield code="2">fast</subfield><subfield code="0">(OCoLC)fst01276404</subfield></datafield><datafield ind1=" " ind2="7" tag="651"><subfield code="a">Tennessee</subfield><subfield code="z">Warren County.</subfield><subfield code="2">fast</subfield><subfield code="0">(OCoLC)fst01215071</subfield></datafield><datafield ind1=" " ind2=" " tag="752"><subfield code="a">United States</subfield><subfield code="b">Tennessee</subfield><subfield code="c">Warren</subfield><subfield code="d">McMinnville.</subfield></datafield></record>